<record><leader>00000cas a2200000 a 4500</leader><controlfield tag="001">43755020</controlfield><controlfield tag="008">000331d19361951caucr ne      0    0eng c</controlfield><datafield ind1=" " ind2=" " tag="010"><subfield code="a">sn 00060265 </subfield></datafield><datafield ind1=" " ind2=" " tag="040"><subfield code="a">CNK</subfield><subfield code="b">eng</subfield><subfield code="c">CNK</subfield><subfield code="d">CNK</subfield><subfield code="d">OCLCQ</subfield><subfield code="d">OCLCF</subfield><subfield code="d">OCLCO</subfield></datafield><datafield ind1="1" ind2=" " tag="029"><subfield code="a">AU@</subfield><subfield code="b">000021430904</subfield></datafield><datafield ind1=" " ind2=" " tag="042"><subfield code="a">pcc</subfield></datafield><datafield ind1=" " ind2=" " tag="043"><subfield code="a">n-us-ca</subfield></datafield><datafield ind1="0" ind2="0" tag="245"><subfield code="a">Temple City times and San Gabriel Valley news.</subfield></datafield><datafield ind1="1" ind2=" " tag="246"><subfield code="i">Published as:</subfield><subfield code="a">Temple City times Temple City news San Gabriel Valley news</subfield><subfield code="f">Oct. 28, 1947-May 20, 1948</subfield></datafield><datafield ind1="1" ind2=" " tag="246"><subfield code="i">Published as:</subfield><subfield code="a">Temple City times San Gabriel Valley news</subfield><subfield code="f">May 25, 1948-Sept. 6, 1951</subfield></datafield><datafield ind1="1" ind2="7" tag="246"><subfield code="a">Temple City times</subfield><subfield code="f">Feb. 10-May 20, 1948</subfield></datafield><datafield ind1=" " ind2=" " tag="260"><subfield code="a">Temple City, Calif. :</subfield><subfield code="b">R.E. Aldrich</subfield></datafield><datafield ind1=" " ind2=" " tag="300"><subfield code="a">v.</subfield></datafield><datafield ind1=" " ind2=" " tag="310"><subfield code="a">Semiweekly,</subfield><subfield code="b">Oct. 28, 1947-Sept. 6, 1951</subfield></datafield><datafield ind1=" " ind2=" " tag="321"><subfield code="a">Weekly,</subfield><subfield code="b">Mar. 11, 1936-Oct. 23, 1947</subfield></datafield><datafield ind1="0" ind2=" " tag="362"><subfield code="a">Vol. 14, no. 29 (Mar. 11, 1936)-v. 29, no. 72 (Sept. 6, 1951).</subfield></datafield><datafield ind1=" " ind2=" " tag="500"><subfield code="a">"And San Gabriel Valley News" appears in small print below "Temple City Times," Mar. 11, 1936-Oct. 23, 1947 and May 25, 1948-Sept. 6, 1951; and "Temple City News San Gabriel Valley News" appears in small print below "Temple City Times," Oct. 28, 1947-May 20, 1948.</subfield></datafield><datafield ind1=" " ind2=" " tag="530"><subfield code="a">Master negatives are available for duplication from:</subfield><subfield code="b">California Newspaper Microfilm Archive;</subfield><subfield code="c">positive copies may be purchased by the reel; for further information consult the CNMA at:</subfield><subfield code="u">http://cbsr.ucr.edu</subfield></datafield><datafield ind1=" " ind2="0" tag="651"><subfield code="a">San Gabriel River Valley (Calif.)</subfield><subfield code="v">Newspapers.</subfield></datafield><datafield ind1=" " ind2="7" tag="655"><subfield code="a">Newspapers.</subfield><subfield code="2">fast</subfield><subfield code="0">(OCoLC)fst01423814</subfield></datafield><datafield ind1=" " ind2="7" tag="651"><subfield code="a">California</subfield><subfield code="z">San Gabriel River Valley.</subfield><subfield code="2">fast</subfield><subfield code="0">(OCoLC)fst01275269</subfield></datafield><datafield ind1=" " ind2=" " tag="752"><subfield code="a">United States</subfield><subfield code="b">California</subfield><subfield code="c">Los Angeles</subfield><subfield code="d">Temple City.</subfield></datafield><datafield ind1="0" ind2="0" tag="780"><subfield code="t">Temple times and San Gabriel Valley news</subfield><subfield code="w">(DLC)sn 96064358</subfield></datafield><datafield ind1="0" ind2="5" tag="780"><subfield code="t">Temple City news (Temple City, Calif. : 1947)</subfield><subfield code="w">(DLC)sn 00060266</subfield></datafield><datafield ind1="0" ind2="0" tag="785"><subfield code="t">Temple City times</subfield><subfield code="w">(DLC)sn 79002806</subfield></datafield></record>